<?xml version="1.0" encoding="UTF-8"?><collection xmlns="http://www.loc.gov/MARC21/slim"><record><leader>00425nam--2200133-i-4500</leader><controlfield tag="001">000046851</controlfield><controlfield tag="002">20161230</controlfield><controlfield tag="005">20161230201046</controlfield><controlfield tag="008">060222s1000------------r-----000-0-eng-d</controlfield><datafield ind1=" " ind2=" " tag="080"><subfield code="a">539.16:543.5</subfield></datafield><datafield ind1=" " ind2=" " tag="100"><subfield code="a">Voljin,Valentin Si Bulumac,P</subfield></datafield><datafield ind1=" " ind2=" " tag="245"><subfield code="a">Some physisco-chemical characteristics of black sea bottom rock-roumanian const. ii spectographic anaysis</subfield></datafield><datafield ind1=" " ind2=" " tag="260"><subfield code="a">Bucuresti, Univ.Din Bucuresti, 1970. 11 P</subfield></datafield><datafield ind1=" " ind2=" " tag="852"><subfield code="a">32662</subfield></datafield></record></collection>